<?xml version="1.0" encoding="UTF-8"?><record xmlns="http://www.loc.gov/MARC21/slim" xmlns:cinclude="http://apache.org/cocoon/include/1.0" xmlns:zs="http://www.loc.gov/zing/srw/">
  <leader>00429cz  a2200133n  4500</leader>
  <controlfield tag="001">no2004121912</controlfield>
  <controlfield tag="003">DLC</controlfield>
  <controlfield tag="005">20041230071151.0</controlfield>
  <controlfield tag="008">041217n| acannaabn          |n aaa     c</controlfield>
  <datafield tag="010" ind1=" " ind2=" ">
    <subfield code="a">no2004121912</subfield>
  </datafield>
  <datafield tag="035" ind1=" " ind2=" ">
    <subfield code="a">(OCoLC)oca06519338</subfield>
  </datafield>
  <datafield tag="040" ind1=" " ind2=" ">
    <subfield code="a">NjBlaOCU</subfield>
    <subfield code="b">eng</subfield>
    <subfield code="c">NjBlaOCU</subfield>
  </datafield>
  <datafield tag="100" ind1="1" ind2=" ">
    <subfield code="a">McDonnell, Joseph,</subfield>
    <subfield code="d">1936-</subfield>
  </datafield>
  <datafield tag="670" ind1=" " ind2=" ">
    <subfield code="a">Joseph McDonnell, c2004:</subfield>
    <subfield code="b">t.p. (Joseph McDonnell) p. 249 (Joseph Anthony McDonnell; b. Detroit, 1936) jkt. (sculptor)</subfield>
  </datafield>
</record>